%cheatsheet:  https://verbosus.com/bibtex-style-examples.html

@misc{ dzoneComposite,
       author = "James Sugrue",
       title = "Composite Pattern Tutorial with Java Examples",
       year = "2010", 
       howpublished = "\url{https://dzone.com/articles/design-patterns-command}"
       }
       
@inbook{gofComposite,
  author       = {John Vlissides, Ralph Johnson, Richard Helm, Erich Gamma}, 
  title        = {Design Patterns: Elements of Reusable Object-Oriented Software},
  chapter      = 4,
  publisher    = {Addison-Wesley Professional},
  year         = 1994,
  month        = 10,
}

@misc { compositeSrc,
  author       = {Vladimir Martinka}, 
  title        = {Source codes for this presentation},
  howpublished = {\url{https://github.com/vladimir-martinka/Composite}},
  month        = 3,
  year         = 2019,
}

@misc { thisPresentation,
  author       = {Vladimir Martinka}, 
  title        = {LaTeX for this presentation},
  howpublished = {\url{https://www.overleaf.com/read/mcpnfddcmhbk}},
  month        = 3,
  year         = 2019,
}



